Srikant, R.,Agrawal, R.: Mining Sequential Patterns: Generalizations and Performance Improvements, San Jose

@article{bib:GSP,
    author    = "Ramakrishnan Srikant ans Rakesh Agrawal",
    title     = "Mining Sequential Patterns: Generalizations and Performance Improvements",
    address   = "San Jose"
}

@misc{bib:DowJones,
  title = {Dow Jones Index Data Set},
  howpublished = {\url{https://archive.ics.uci.edu/ml/datasets/Dow+Jones+Index}},
  note = {Accessed: 2015-01-17}
}